@inproceedings{vlhcc17,
    author = {Chris Brown and Justin Middleton and Esha Sharma and Emerson Murphy-Hill},
    booktitle = {Visual Languages and Human-Centric Computing},
    keywords = {discovery},
    title = {How Software Users Recommend Tools to Each Other},
    url = {http://people.engr.ncsu.edu/ermurph3/papers/vlhcc17-discovery.pdf},
    year = {2017},
    howpublished = {2. Conference},
}

@inproceedings{Murphy-Hill2011PeerInteraction,
 author = {Murphy-Hill, Emerson and Murphy, Gail C.},
 title = {Peer Interaction Effectively, Yet Infrequently, Enables Programmers to Discover New Tools},
 booktitle = {Proceedings of the ACM 2011 Conference on Computer Supported Cooperative Work},
 series = {CSCW '11},
 year = {2011},
 isbn = {978-1-4503-0556-3},
 location = {Hangzhou, China},
 pages = {405--414},
 numpages = {10},
 url = {http://doi.acm.org/10.1145/1958824.1958888},
 doi = {10.1145/1958824.1958888},
 acmid = {1958888},
 publisher = {ACM},
 address = {New York, NY, USA},
 keywords = {discovery, learning, programmers, programming tools}
}